@book{griffiths-electrodynamics,
    title = "Introduction to Electrodynamics",
    author = "David J. Griffiths",
    edition ="3rd",
    year = "1999",
    publisher ="Prentice Hall",
}

@book{book:1146207,
   title =     {Modern Electrodynamics},
   author =    {Zangwill, Andrew},
   publisher = {Cambridge University Press},
   year =      {0},
   edition =   {},
}
