@book{Sakurai2010,
    title = {{Modern Quantum Mechanics}},
    year = {2010},
    booktitle = {Book},
    author = {Sakurai, J. J. and Napolitano, Jim},
    pages = {550},
    url = {http://www.amazon.ca/Modern-Quantum-Mechanics-2nd-Sakurai/dp/0805382917/},
    isbn = {9780805382914},
    doi = {10.1119/1.14491},
    issn = {00029505},
    pmid = {21516889}
}

@book{Ciesielski1997,
    title = {{Set Theory for the Working Mathematician}},
    year = {1997},
    author = {Ciesielski, Krzysztof},
    pages = {236},
    isbn = {0521594650}
}

@book{Badiou2014,
    title = {{The Mathematics of the Transcendental}},
    year = {2014},
    author = {Badiou, Alain},
    publisher = {Bloomsbury},
    isbn = {9781441150431}
}

@book{Godinho2014AnRelativity,
    title = {{An Introduction to Riemannian Geometry, With Applications to Mechanics and Relativity}},
    year = {2014},
    author = {Godinho, Leonor and Nat{\'{a}}rio, José},
    series = {Universitext},
    publisher = {Springer International Publishing},
    url = {http://link.springer.com/10.1007/978-3-319-08666-8},
    address = {Cham},
    isbn = {978-3-319-08665-1},
    doi = {10.1007/978-3-319-08666-8},
    issn = {0003486X}
}

@book{Lima2012CalculoTensorial,
    title = {{Cálculo tensorial}},
    year = {2012},
    author = {Lima, Elon Lages},
    publisher = {IMPA},
    isbn = {978-85-244-0313-2}
}

@book{Grn2011EinsteinsUntrained,
    title = {{Einstein's Theory: A Rigorous Introduction for the Mathematically Untrained}},
    year = {2011},
    author = {Gr{\o}n, Øyvind and N{\ae}ss, Arne},
    publisher = {Springer},
    isbn = {978-1-4614-0705-8},
    doi = {10.1007/978-1-4614-0706-5}
}

@book{Grn2007EinsteinsRelativity,
    title = {{Einstein’s General Theory of Relativity}},
    year = {2007},
    author = {Gr{\o}n, Øyvind and Hervik, Sigbjørn},
    publisher = {Springer},
    isbn = {9780387691992}
}

@book{Stephani2003ExactA,
    title = {{Exact Solutions of Einstein’s Field Equations A}},
    year = {2003},
    author = {Stephani, Hans and Kramer, Dietrich and Maccallum, Malcolm and Hoenselaers, Cornelius and Eduard, Herltm},
    edition = {2nd Editio},
    publisher = {Cambridge University Press},
    isbn = {978-0-511-06548-4 eBook}
}

@book{Schneider2015ExtragalacticIntroduction,
    title = {{Extragalactic Astronomy and Cosmology. An Introduction}},
    year = {2015},
    author = {Schneider, Peter},
    edition = {Second Edi},
    publisher = {Springer International Publishing},
    isbn = {9783642540820}
}

@book{LongairGalaxyFormation,
    title = {{Galaxy Formation}},
    author = {Longair, Malcolm S.},
    isbn = {978-3-540-73477-2}
}

@book{Mo2010GalaxyEvolution,
    title = {{Galaxy Formation and Evolution}},
    year = {2010},
    author = {Mo, Houjun and Van den Bosch, Frank and White, Simon},
    isbn = {9780521857932}
}

@book{Choquet-Bruhat2009GeneralEquations,
    title = {{General Relativity and Einstein’s Equations}},
    year = {2009},
    author = {Choquet-Bruhat, Yvonne},
    edition = {1st Editio},
    publisher = {Oxford University Press}
}

@article{Carroll1997LectureRelativity,
    title = {{Lecture Notes on General Relativity}},
    year = {1997},
    author = {Carroll, Sean M.},
    month = {12},
    url = {http://arxiv.org/abs/gr-qc/9712019},
    isbn = {0805387323},
    issn = {<null>},
    arxivId = {gr-qc/9712019}
}

@article{Abraham2007ManifoldsApplications,
    title = {{Manifolds, Tensor Analysis, and Applications}},
    year = {2007},
    author = {Abraham, Ralph and Marsden, Jerrold E and Ratiu, Tudor},
    number = {March 2007}
}

@book{Renteln2013ManifoldsForms,
    title = {{Manifolds, Tensors, and Forms}},
    year = {2013},
    booktitle = {Manifolds, Tensors, and Forms: An Introduction for Mathematicians and Physicists},
    author = {Renteln, Paul},
    pages = {1--329},
    volume = {9781107042},
    publisher = {Cambridge University Press},
    url = {http://ebooks.cambridge.org/ref/id/CBO9781107324893},
    address = {Cambridge},
    isbn = {9781107324893},
    doi = {10.1017/CBO9781107324893}
}

@book{Renteln2011ManifoldsPhysicists,
    title = {{Manifolds, tensors, and forms: An introduction for mathematicians and physicists}},
    year = {2011},
    booktitle = {Manifolds, Tensors, and Forms: An Introduction for Mathematicians and Physicists},
    author = {Renteln, Paul},
    pages = {1--329},
    volume = {9781107042},
    publisher = {Cambridge University Press},
    isbn = {9781107324893},
    doi = {10.1017/CBO9781107324893}
}

@book{Dodelson2003ModernCosmology,
    title = {{Modern Cosmology}},
    year = {2003},
    author = {Dodelson, Scott},
    isbn = {9780122191411}
}

@book{ShankarPrinciplesMechanics,
    title = {{Principles of Quantum Mechanics}},
    author = {Shankar, Ramamurti},
    isbn = {0306447908}
}

@book{Nielsen2010QuantumInformation,
    title = {{Quantum Computation and Quantum Information}},
    year = {2010},
    author = {Nielsen, Michael A. and Chuang, Isaac L.},
    edition = {10th Anniv},
    publisher = {Cambridge University Press},
    url = {http://books.google.com/books?hl=en&lr=&id=-s4DEy7o-a0C&oi=fnd&pg=PR17&dq=Quantum+Computation+and+Quantum+Information&ots=NF7FilrBUq&sig=kWM6p6WFnpYv2mgMY7YOTdUXu7w%5Cnhttp://books.google.com/books?id=-s4DEy7o-a0C&pgis=1 http://aapt.scitation.org/doi/10.1},
    isbn = {978-1-107-00217-3}
}

@book{Carroll2004SpacetimeRelativity,
    title = {{Spacetime and Geometry: An Introduction to General Relativity}},
    year = {2004},
    booktitle = {Spacetime and Geometry: An Introduction to General Relativity},
    author = {Carroll, Sean M.},
    pages = {513},
    volume = {1},
    isbn = {0-8053-8732-3},
    doi = {10.1063/1.1881902},
    issn = {00319228},
    pmid = {13458124},
    arxivId = {NIHMS150003}
}

@book{Polchinski1998StringString,
    title = {{String Theory: Volume 1, An Introduction to the Bosonic String}},
    year = {1998},
    author = {Polchinski, Joseph},
    url = {https://books.google.com/books?id=jbM3t_usmX0C&pgis=1},
    isbn = {ISBN-13 978-0-511-33821-2},
    doi = {10.1017/CBO9780511816079},
    issn = {1548-9930},
    arxivId = {arXiv:0908.0333v3}
}

@book{Polchinski2005StringBeyond,
    title = {{String Theory: Volume 2, Superstring Theory and Beyond}},
    year = {2005},
    author = {Polchinski, Joseph},
    publisher = {Cambridge University Press}
}

@book{Gupta2014TheTheory,
    title = {{The Functional Analysis of Quantum Information Theory}},
    year = {2014},
    booktitle = {arXiv preprint arXiv:1410.7188},
    author = {Gupta, Ved Prakash and Mandayam, Prabha and Sunder, V S},
    isbn = {9783319167176}
}