@book{Godinho2014AnRelativity,
    title = {{An Introduction to Riemannian Geometry, With Applications to Mechanics and Relativity}},
    year = {2014},
    author = {Godinho, Leonor and Nat{\'{a}}rio, Jos√©},
    series = {Universitext},
    publisher = {Springer International Publishing},
    url = {http://link.springer.com/10.1007/978-3-319-08666-8},
    isbn = {978-3-319-08665-1},
    doi = {10.1007/978-3-319-08666-8},
    issn = {0003486X}
}

@article{listing1848,
    title = {Vorstudien zur Topologie},
    publisher = {Vandenhoeck & Ruprecht},
    location = {G{\"o}ttingen, Germany},
    author = {Johann Benedict Listing},
    year = {1848}
}