@book{barton,
    title = "A First Course in String Theory",
    author = "Barton Zwiebach",
    edition = "2nd Edition",
    year = "2014",
    publisher = "CUP",
}

@book{polchisnki,
    title = "String Theory, Volume 1: An introduction to the bosonic string",
    author = "Joseph Polchisnki",
    publisher = "CUP",
}

@book{becker2s,
    title = "String Theory and M-theory: A modern introduction",
    author = "Katrin Becker and Melanie Becker and John Schwarz",
    publisher = "CUP",
}

@book{goldstein,
    title = "Classical Mechanics",
    author = "Herbert Goldstein",
    edition = "3rd Edition",
    year = "2001",
    publisher = "Pearson",
}

@book{griffithseletro,
    title= "Introduction to Electrodynamics",
    author = "David Griffiths",
    publisher = "Prentice Hall",
    year = "1999",
}

@book{griffithsqm,
    title= "Introduction to Quantum Mechanics",
    author = "David Griffiths",
    publisher = "Prentice Hall",
    year = "1994",
}

