@book{quantumgriffiths,
	title =     {Introduction to Quantum Mechanics},
	author =    {David J. Griffiths},
	publisher = {Pearson Prentice Hall},
	year =      {2004},
	edition =   {2nd},
}

@book{modernsakurai,
   title =     {Modern Quantum Mechanics},
   author =    {J. J. Sakurai, Jim J. Napolitano},
   publisher = {Addison-Wesley},
   year =      {2010},
   edition =   {2nd Edition},
}

@book{advancedsakurai,
   title =     {Advanced Quantum Mechanics},
   author =    {J. J. Sakurai},
   publisher = {Addison-Wesley},
   year =      {1967},
   edition =   {1st Edition},
}
