@book{pctallthat,
   title =     	"PCT, Spin and Statistics, and All That",
   author =    	"R. F. Streater and A. S. Wightman",
   publisher = 	"Princeton University",
   year =      	"1964",
   edition =   	"1",
   keywords =	"physics",
}
@book{book:903442,
   title =     {A course in modern mathematical physics : groups, Hilbert space and differential geometry},
   author =    {Peter Szekeres},
   publisher = {Cambridge University Press },
   year =      {2004},
}
@book{book:903442,
   title =     {A course in modern mathematical physics : groups, Hilbert space and differential geometry},
   author =    {Peter Szekeres},
   publisher = {Cambridge University Press },
   year =      {2004},
}
